@article{penguins,
  author = {Russell, Douglas and Sladen, William and Ainley, David},
  year = {2012},
  month = {10},
  pages = {},
  title = {Dr. George Murray Levick (1876-1956): Unpublished notes on the sexual habits of the Adélie penguin},
  volume = {48},
  journal = {Polar Record},
  doi = {10.1017/S0032247412000216}
}
@article{rowlands2012oxford,
  title={The Oxford Handbook of Animal Ethics},
  author={Rowlands, Mark and Beauchamp, Tom L and Frey, Raymond G},
  year={2012},
  publisher={Oxford University Press}
}
@book{andrews2018routledge,
  title={The Routledge handbook of philosophy of animal minds},
  author={Andrews, Kristin and Beck, Jacob},
  year={2018},
  publisher={Routledge London, New York}
}
@book{rowlands2015can,
  title={Can animals be moral?},
  author={Rowlands, Mark},
  year={2015},
  publisher={Oxford University Press}
}
@misc{dalle2,
  title={DALL·E 2 - AI system that can create realistic images and art from a description in natural language},
  author={OpenAI},
  year={2022},
  url={https://openai.com/dall-e-2/}
}